<?xml version="1.0" encoding="UTF-8"?><collection xmlns="http://www.loc.gov/MARC21/slim"><record><leader>00476nam--2200169-u-4500</leader><controlfield tag="001">000056815</controlfield><controlfield tag="002">20191024</controlfield><controlfield tag="005">20191024060533</controlfield><controlfield tag="008">191024s1000------------r-----000-0-eng-d</controlfield><datafield ind1=" " ind2=" " tag="041"><subfield code="a">eng</subfield></datafield><datafield ind1="1" ind2=" " tag="100"><subfield code="a">de Graaf, Ariel</subfield></datafield><datafield ind1="1" ind2="0" tag="245"><subfield code="a">Deposition of CNH Materials:Plasma and Film Characterization</subfield></datafield><datafield ind1=" " ind2=" " tag="260"><subfield code="a">Eindhoven</subfield><subfield code="b">Eindhoven University of Technology</subfield><subfield code="c">2000</subfield></datafield><datafield ind1=" " ind2=" " tag="300"><subfield code="a">164 p</subfield></datafield><datafield ind1=" " ind2=" " tag="500"><subfield code="a">donatie Gheorghe Dinescu</subfield></datafield><datafield ind1=" " ind2=" " tag="852"><subfield code="a">82769</subfield><subfield code="c">533.9</subfield></datafield><datafield ind1=" " ind2=" " tag="CAT"><subfield code="a">SYS</subfield><subfield code="c">20191024</subfield><subfield code="h">060533</subfield></datafield></record></collection>